@book{apa2013,
  author = {{American Psychiatric Association}},
  title = {Diagnostic and Statistical Manual of Mental Disorders},
  edition = {5th},
  publisher = {American Psychiatric Publishing},
  year = {2013},
  doi = {10.1176/appi.books.9780890425596}
}

@book{ainsworth1978,
  author = {Ainsworth, M. D. S. and Blehar, M. C. and Waters, E. and Wall, S.},
  title = {Patterns of Attachment: A Psychological Study of the Strange Situation},
  publisher = {Lawrence Erlbaum Associates},
  year = {1978}
}

@article{belsky2009,
  author = {Belsky, J. and Pluess, M.},
  title = {Beyond Diathesis Stress: Differential Susceptibility to Environmental Influences},
  journal = {Psychological Bulletin},
  volume = {135},
  number = {6},
  pages = {885--908},
  year = {2009},
  doi = {10.1037/a0017376}
}

@article{baumrind2002,
  author = {Baumrind, D. and Larzelere, R. E. and Cowan, P. A.},
  title = {Ordinary Physical Punishment: Is It Harmful? {C}omment on {G}ershoff (2002)},
  journal = {Psychological Bulletin},
  volume = {128},
  number = {4},
  pages = {580--589},
  year = {2002},
  doi = {10.1037/0033-2909.128.4.580}
}

@book{bowlby1969,
  author = {Bowlby, J.},
  title = {Attachment and Loss: {V}ol. 1. {A}ttachment},
  publisher = {Basic Books},
  year = {1969}
}

@book{bronfenbrenner1979,
  author = {Bronfenbrenner, U.},
  title = {The Ecology of Human Development: {E}xperiments by Nature and Design},
  publisher = {Harvard University Press},
  year = {1979}
}

@article{caspi2003,
  author = {Caspi, A. and Sugden, K. and Moffitt, T. E. and Taylor, A. and Craig, I. W. and Harrington, H. and McClay, J. and Mill, J. and Martin, J. and Braithwaite, A. and Poulton, R.},
  title = {Influence of Life Stress on Depression: {M}oderation by a Polymorphism in the {5-HTT} Gene},
  journal = {Science},
  volume = {301},
  number = {5631},
  pages = {386--389},
  year = {2003},
  doi = {10.1126/science.1083968}
}

@article{clark2013,
  author = {Clark, A.},
  title = {Whatever Next? {P}redictive Brains, Situated Agents, and the Future of Cognitive Science},
  journal = {Behavioral and Brain Sciences},
  volume = {36},
  number = {3},
  pages = {181--204},
  year = {2013},
  doi = {10.1017/S0140525X12000477}
}

@book{foa1998,
  author = {Foa, E. B. and Rothbaum, B. O.},
  title = {Treating the Trauma of Rape: {C}ognitive-Behavioral Therapy for {PTSD}},
  publisher = {Guilford Press},
  year = {1998}
}

@article{frenay2014,
  author = {Fr{\'e}nay, B. and Verleysen, M.},
  title = {Classification in the Presence of Label Noise: {A} Survey},
  journal = {IEEE Transactions on Neural Networks and Learning Systems},
  volume = {25},
  number = {5},
  pages = {845--869},
  year = {2014},
  doi = {10.1109/TNNLS.2013.2292894}
}

@article{gershoff2002,
  author = {Gershoff, E. T.},
  title = {Corporal Punishment by Parents and Associated Child Behaviors and Experiences: {A} Meta-Analytic and Theoretical Review},
  journal = {Psychological Bulletin},
  volume = {128},
  number = {4},
  pages = {539--579},
  year = {2002},
  doi = {10.1037/0033-2909.128.4.539}
}

@article{glaser2002,
  author = {Glaser, D.},
  title = {Emotional Abuse and Neglect (Psychological Maltreatment): {A} Conceptual Framework},
  journal = {Child Abuse \& Neglect},
  volume = {26},
  number = {6--7},
  pages = {697--714},
  year = {2002},
  doi = {10.1016/S0145-2134(02)00342-3}
}

@book{goodfellow2016,
  author = {Goodfellow, I. and Bengio, Y. and Courville, A.},
  title = {Deep Learning},
  publisher = {MIT Press},
  year = {2016}
}

@article{gopnik2012,
  author = {Gopnik, A. and Wellman, H. M.},
  title = {Reconstructing Constructivism: {C}ausal Models, {B}ayesian Learning Mechanisms, and the Theory Theory},
  journal = {Psychological Bulletin},
  volume = {138},
  number = {6},
  pages = {1085--1108},
  year = {2012},
  doi = {10.1037/a0028044}
}

@article{hawkins2004,
  author = {Hawkins, D. M.},
  title = {The Problem of Overfitting},
  journal = {Journal of Chemical Information and Computer Sciences},
  volume = {44},
  number = {1},
  pages = {1--12},
  year = {2004},
  doi = {10.1021/ci0342472}
}

@inproceedings{hendrycks2019,
  author = {Hendrycks, D. and Dietterich, T.},
  title = {Benchmarking Neural Network Robustness to Common Corruptions and Perturbations},
  booktitle = {Proceedings of the International Conference on Learning Representations},
  year = {2019}
}

@article{henrich2010,
  author = {Henrich, J. and Heine, S. J. and Norenzayan, A.},
  title = {The Weirdest People in the World?},
  journal = {Behavioral and Brain Sciences},
  volume = {33},
  number = {2--3},
  pages = {61--83},
  year = {2010},
  doi = {10.1017/S0140525X0999152X}
}

@book{hrdy2009,
  author = {Hrdy, S. B.},
  title = {Mothers and Others: {T}he Evolutionary Origins of Mutual Understanding},
  publisher = {Belknap Press of Harvard University Press},
  year = {2009}
}

@article{humphreys2015,
  author = {Humphreys, K. L. and Gleason, M. M. and Drury, S. S. and Miron, D. and Nelson, C. A. and Fox, N. A. and Zeanah, C. H.},
  title = {Effects of Institutional Rearing and Foster Care on Psychopathology at Age 12 Years in {R}omania: {F}ollow-up of an Open, Randomised Controlled Trial},
  journal = {The Lancet Psychiatry},
  volume = {2},
  number = {7},
  pages = {625--634},
  year = {2015},
  doi = {10.1016/S2215-0366(15)00095-4}
}

@article{huttenlocher1997,
  author = {Huttenlocher, P. R. and Dabholkar, A. S.},
  title = {Regional Differences in Synaptogenesis in Human Cerebral Cortex},
  journal = {Journal of Comparative Neurology},
  volume = {387},
  number = {2},
  pages = {167--178},
  year = {1997},
  doi = {10.1002/(SICI)1096-9861(19971020)387:2<167::AID-CNE1>3.0.CO;2-Z}
}

@article{huys2016,
  author = {Huys, Q. J. M. and Maia, T. V. and Frank, M. J.},
  title = {Computational Psychiatry as a Bridge from Neuroscience to Clinical Applications},
  journal = {Nature Neuroscience},
  volume = {19},
  number = {3},
  pages = {404--413},
  year = {2016},
  doi = {10.1038/nn.4238}
}

@article{jaffee2007,
  author = {Jaffee, S. R. and Price, T. S.},
  title = {Gene-Environment Correlations: {A} Review of the Evidence and Implications for Prevention of Mental Illness},
  journal = {Molecular Psychiatry},
  volume = {12},
  number = {5},
  pages = {432--442},
  year = {2007},
  doi = {10.1038/sj.mp.4001950}
}

@book{kagan1994,
  author = {Kagan, J.},
  title = {Galen's Prophecy: {T}emperament in Human Nature},
  publisher = {Basic Books},
  year = {1994}
}

@article{keller2013,
  author = {Keller, H.},
  title = {Attachment and Culture},
  journal = {Journal of Cross-Cultural Psychology},
  volume = {44},
  number = {2},
  pages = {175--194},
  year = {2013},
  doi = {10.1177/0022022112472253}
}

@article{lansford2005,
  author = {Lansford, J. E. and Chang, L. and Dodge, K. A. and Malone, P. S. and Oburu, P. and Palm{\'e}rus, K. and Bacchini, D. and Pastorelli, C. and Bombi, A. S. and Zelli, A. and Tapanya, S. and Chaudhary, N. and Deater-Deckard, K. and Manke, B. and Quinn, N.},
  title = {Physical Discipline and Children's Adjustment: {C}ultural Normativeness as a Moderator},
  journal = {Child Development},
  volume = {76},
  number = {6},
  pages = {1234--1246},
  year = {2005},
  doi = {10.1111/j.1467-8624.2005.00847.x}
}

@article{larzelere2005,
  author = {Larzelere, R. E. and Kuhn, B. R.},
  title = {Comparing Child Outcomes of Physical Punishment and Alternative Disciplinary Tactics: {A} Meta-Analysis},
  journal = {Clinical Child and Family Psychology Review},
  volume = {8},
  number = {1},
  pages = {1--37},
  year = {2005},
  doi = {10.1007/s10567-005-2340-z}
}

@article{lillicrap2020,
  author = {Lillicrap, T. P. and Santoro, A. and Marris, L. and Akerman, C. J. and Hinton, G.},
  title = {Backpropagation and the Brain},
  journal = {Nature Reviews Neuroscience},
  volume = {21},
  number = {6},
  pages = {335--346},
  year = {2020},
  doi = {10.1038/s41583-020-0277-3}
}

@article{lin1992,
  author = {Lin, L. J.},
  title = {Self-Improving Reactive Agents Based on Reinforcement Learning, Planning and Teaching},
  journal = {Machine Learning},
  volume = {8},
  number = {3},
  pages = {293--321},
  year = {1992},
  doi = {10.1007/BF00992699}
}

@article{mackenzie2015,
  author = {MacKenzie, M. J. and Nicklas, E. and Brooks-Gunn, J. and Waldfogel, J.},
  title = {Spanking and Children's Externalizing Behavior Across the First Decade of Life: {E}vidence for Transactional Processes},
  journal = {Journal of Youth and Adolescence},
  volume = {44},
  number = {3},
  pages = {658--669},
  year = {2015},
  doi = {10.1007/s10964-014-0114-y}
}

@article{masten2001,
  author = {Masten, A. S.},
  title = {Ordinary Magic: {R}esilience Processes in Development},
  journal = {American Psychologist},
  volume = {56},
  number = {3},
  pages = {227--238},
  year = {2001},
  doi = {10.1037/0003-066X.56.3.227}
}

@incollection{mccloskey1989,
  author = {McCloskey, M. and Cohen, N. J.},
  title = {Catastrophic Interference in Connectionist Networks: {T}he Sequential Learning Problem},
  booktitle = {Psychology of Learning and Motivation},
  volume = {24},
  pages = {109--165},
  publisher = {Academic Press},
  year = {1989},
  doi = {10.1016/S0079-7421(08)60536-8}
}

@incollection{meehan2013,
  author = {Meehan, C. L. and Hawks, S.},
  title = {Cooperative Breeding and Attachment Among the {A}ka Foragers},
  editor = {Otto, H. and Keller, H.},
  booktitle = {Different Faces of Attachment: {C}ultural Variations on a Universal Human Need},
  pages = {85--113},
  publisher = {Cambridge University Press},
  year = {2013}
}

@article{niv2016,
  author = {Niv, Y. and Langdon, A.},
  title = {Reinforcement Learning with {M}arr},
  journal = {Current Opinion in Behavioral Sciences},
  volume = {11},
  pages = {67--73},
  year = {2016},
  doi = {10.1016/j.cobeha.2016.04.005}
}

@article{northcutt2021,
  author = {Northcutt, C. G. and Jiang, L. and Chuang, I. L.},
  title = {Confident Learning: {E}stimating Uncertainty in Dataset Labels},
  journal = {Journal of Artificial Intelligence Research},
  volume = {70},
  pages = {1373--1411},
  year = {2021},
  doi = {10.1613/jair.1.12125}
}

@inproceedings{paszke2019,
  author = {Paszke, A. and Gross, S. and Massa, F. and Lerer, A. and Bradbury, J. and Chanan, G. and Killeen, T. and Lin, Z. and Gimelshein, N. and Antiga, L. and Desmaison, A. and K{\"o}pf, A. and Yang, E. and DeVito, Z. and Raison, M. and Tejani, A. and Chilamkurthy, S. and Steiner, B. and Fang, L. and Bai, J. and Chintala, S.},
  title = {{PyTorch}: {A}n Imperative Style, High-Performance Deep Learning Library},
  booktitle = {Advances in Neural Information Processing Systems},
  volume = {32},
  pages = {8024--8035},
  year = {2019}
}

@article{polderman2015,
  author = {Polderman, T. J. C. and Benyamin, B. and de Leeuw, C. A. and Sullivan, P. F. and van Bochoven, A. and Visscher, P. M. and Posthuma, D.},
  title = {Meta-Analysis of the Heritability of Human Traits Based on Fifty Years of Twin Studies},
  journal = {Nature Genetics},
  volume = {47},
  number = {7},
  pages = {702--709},
  year = {2015},
  doi = {10.1038/ng.3285}
}

@article{rumelhart1986,
  author = {Rumelhart, D. E. and Hinton, G. E. and Williams, R. J.},
  title = {Learning Representations by Back-Propagating Errors},
  journal = {Nature},
  volume = {323},
  number = {6088},
  pages = {533--536},
  year = {1986},
  doi = {10.1038/323533a0}
}

@article{rutter2010,
  author = {Rutter, M. and Sonuga-Barke, E. J. and Beckett, C. and Castle, J. and Kreppner, J. and Kumsta, R. and Schlotz, W. and Stevens, S. and Bell, C. A.},
  title = {Deprivation-Specific Psychological Patterns: {E}ffects of Institutional Deprivation},
  journal = {Monographs of the Society for Research in Child Development},
  volume = {75},
  number = {1},
  pages = {1--252},
  year = {2010},
  doi = {10.1111/j.1540-5834.2010.00548.x}
}

@book{seligman1975,
  author = {Seligman, M. E. P.},
  title = {Helplessness: {O}n Depression, Development, and Death},
  publisher = {W. H. Freeman},
  year = {1975}
}

@article{sonuga-barke2017,
  author = {Sonuga-Barke, E. J. and Kennedy, M. and Kumsta, R. and Knights, N. and Golm, D. and Rutter, M. and Maughan, B. and Schlotz, W. and Kreppner, J.},
  title = {Child-to-Adult Neurodevelopmental and Mental Health Trajectories After Early Life Deprivation: {T}he Young Adult Follow-up of the Longitudinal {E}nglish and {R}omanian {A}doptees Study},
  journal = {The Lancet},
  volume = {389},
  number = {10078},
  pages = {1539--1548},
  year = {2017},
  doi = {10.1016/S0140-6736(17)30045-4}
}

@article{straus2009,
  author = {Straus, M. A. and Paschall, M. J.},
  title = {Corporal Punishment by Mothers and Development of Children's Cognitive Ability: {A} Longitudinal Study of Two Nationally Representative Age Cohorts},
  journal = {Journal of Aggression, Maltreatment \& Trauma},
  volume = {18},
  number = {5},
  pages = {459--483},
  year = {2009},
  doi = {10.1080/10926770903035168}
}

@article{talwar2011,
  author = {Talwar, V. and Lee, K.},
  title = {A Punitive Environment Fosters Children's Dishonesty: {A} Natural Experiment},
  journal = {Child Development},
  volume = {82},
  number = {6},
  pages = {1751--1758},
  year = {2011},
  doi = {10.1111/j.1467-8624.2011.01663.x}
}

@article{taylor2010,
  author = {Taylor, C. A. and Manganello, J. A. and Lee, S. J. and Rice, J. C.},
  title = {Mothers' Spanking of 3-Year-Old Children and Subsequent Risk of Children's Aggressive Behavior},
  journal = {Pediatrics},
  volume = {125},
  number = {5},
  pages = {e1057--e1065},
  year = {2010},
  doi = {10.1542/peds.2009-2678}
}

@article{ungar2011,
  author = {Ungar, M.},
  title = {The Social Ecology of Resilience: {A}ddressing Contextual and Cultural Ambiguity of a Nascent Construct},
  journal = {American Journal of Orthopsychiatry},
  volume = {81},
  number = {1},
  pages = {1--17},
  year = {2011},
  doi = {10.1111/j.1939-0025.2010.01067.x}
}

@book{vygotsky1978,
  author = {Vygotsky, L. S.},
  title = {Mind in Society: {T}he Development of Higher Psychological Processes},
  publisher = {Harvard University Press},
  year = {1978}
}

@article{whittington2019,
  author = {Whittington, J. C. R. and Bogacz, R.},
  title = {Theories of Error Back-Propagation in the Brain},
  journal = {Trends in Cognitive Sciences},
  volume = {23},
  number = {3},
  pages = {235--250},
  year = {2019},
  doi = {10.1016/j.tics.2018.12.005}
}

@incollection{yakovlev1967,
  author = {Yakovlev, P. I. and Lecours, A. R.},
  title = {The Myelogenetic Cycles of Regional Maturation of the Brain},
  editor = {Minkowski, A.},
  booktitle = {Regional Development of the Brain in Early Life},
  pages = {3--70},
  publisher = {Blackwell Scientific Publications},
  year = {1967}
}
