@book{apa2013,
  author = {{American Psychiatric Association}},
  title = {Diagnostic and statistical manual of mental disorders},
  edition = {5th},
  year = {2013},
  publisher = {American Psychiatric Publishing},
  doi = {10.1176/appi.books.9780890425596}
}

@book{bowlby1969,
  author = {Bowlby, John},
  title = {Attachment and loss: Vol. 1. Attachment},
  year = {1969},
  publisher = {Basic Books}
}

@book{ainsworth1978,
  author = {Ainsworth, Mary D. S. and Blehar, Mary C. and Waters, Everett and Wall, Sally},
  title = {Patterns of attachment: A psychological study of the strange situation},
  year = {1978},
  publisher = {Lawrence Erlbaum Associates}
}

@article{rumelhart1986,
  author = {Rumelhart, David E. and Hinton, Geoffrey E. and Williams, Ronald J.},
  title = {Learning representations by back-propagating errors},
  journal = {Nature},
  volume = {323},
  number = {6088},
  pages = {533--536},
  year = {1986},
  doi = {10.1038/323533a0}
}

@article{huys2016,
  author = {Huys, Quentin J. M. and Maia, Tiago V. and Frank, Michael J.},
  title = {Computational psychiatry as a bridge from neuroscience to clinical applications},
  journal = {Nature Neuroscience},
  volume = {19},
  number = {3},
  pages = {404--413},
  year = {2016},
  doi = {10.1038/nn.4238}
}

@article{gopnik2012,
  author = {Gopnik, Alison and Wellman, Henry M.},
  title = {Reconstructing constructivism: Causal models, Bayesian learning mechanisms, and the theory theory},
  journal = {Psychological Bulletin},
  volume = {138},
  number = {6},
  pages = {1085--1108},
  year = {2012},
  doi = {10.1037/a0028044}
}

@article{niv2016,
  author = {Niv, Yael and Langdon, Angela},
  title = {Reinforcement learning with Marr},
  journal = {Current Opinion in Behavioral Sciences},
  volume = {11},
  pages = {67--73},
  year = {2016},
  doi = {10.1016/j.cobeha.2016.04.005}
}

@article{clark2013,
  author = {Clark, Andy},
  title = {Whatever next? Predictive brains, situated agents, and the future of cognitive science},
  journal = {Behavioral and Brain Sciences},
  volume = {36},
  number = {3},
  pages = {181--204},
  year = {2013},
  doi = {10.1017/S0140525X12000477}
}

@article{northcutt2021,
  author = {Northcutt, Curtis G. and Jiang, Lu and Chuang, Isaac L.},
  title = {Confident learning: Estimating uncertainty in dataset labels},
  journal = {Journal of Artificial Intelligence Research},
  volume = {70},
  pages = {1373--1411},
  year = {2021},
  doi = {10.1613/jair.1.12125}
}

@inproceedings{hendrycks2019,
  author = {Hendrycks, Dan and Dietterich, Thomas},
  title = {Benchmarking neural network robustness to common corruptions and perturbations},
  booktitle = {Proceedings of the International Conference on Learning Representations},
  year = {2019},
  note = {arXiv:1903.12261}
}

@book{goodfellow2016,
  author = {Goodfellow, Ian and Bengio, Yoshua and Courville, Aaron},
  title = {Deep learning},
  year = {2016},
  publisher = {MIT Press}
}

@article{straus2009,
  author = {Straus, Murray A. and Paschall, Mallie J.},
  title = {Corporal punishment by mothers and development of children's cognitive ability: A longitudinal study of two nationally representative age cohorts},
  journal = {Journal of Aggression, Maltreatment \& Trauma},
  volume = {18},
  number = {5},
  pages = {459--483},
  year = {2009},
  doi = {10.1080/10926770903035168}
}

@article{gershoff2002,
  author = {Gershoff, Elizabeth T.},
  title = {Corporal punishment by parents and associated child behaviors and experiences: A meta-analytic and theoretical review},
  journal = {Psychological Bulletin},
  volume = {128},
  number = {4},
  pages = {539--579},
  year = {2002},
  doi = {10.1037/0033-2909.128.4.539}
}

@book{seligman1975,
  author = {Seligman, Martin E. P.},
  title = {Helplessness: On depression, development, and death},
  year = {1975},
  publisher = {W. H. Freeman}
}

@article{glaser2002,
  author = {Glaser, Danya},
  title = {Emotional abuse and neglect (psychological maltreatment): A conceptual framework},
  journal = {Child Abuse \& Neglect},
  volume = {26},
  number = {6--7},
  pages = {697--714},
  year = {2002},
  doi = {10.1016/S0145-2134(02)00342-3}
}

@article{ungar2011,
  author = {Ungar, Michael},
  title = {The social ecology of resilience: Addressing contextual and cultural ambiguity of a nascent construct},
  journal = {American Journal of Orthopsychiatry},
  volume = {81},
  number = {1},
  pages = {1--17},
  year = {2011},
  doi = {10.1111/j.1939-0025.2010.01067.x}
}

@article{taylor2010,
  author = {Taylor, Catherine A. and Manganello, Jennifer A. and Lee, Shawna J. and Rice, Janet C.},
  title = {Mothers' spanking of 3-year-old children and subsequent risk of children's aggressive behavior},
  journal = {Pediatrics},
  volume = {125},
  number = {5},
  pages = {e1057--e1065},
  year = {2010},
  doi = {10.1542/peds.2009-2678}
}

@article{mackenzie2015,
  author = {MacKenzie, Michael J. and Nicklas, Eric and Brooks-Gunn, Jeanne and Waldfogel, Jane},
  title = {Spanking and children's externalizing behavior across the first decade of life: Evidence for transactional processes},
  journal = {Journal of Youth and Adolescence},
  volume = {44},
  number = {3},
  pages = {658--669},
  year = {2015},
  doi = {10.1007/s10964-014-0114-y}
}

@article{talwar2011,
  author = {Talwar, Victoria and Lee, Kang},
  title = {A punitive environment fosters children's dishonesty: A natural experiment},
  journal = {Child Development},
  volume = {82},
  number = {6},
  pages = {1751--1758},
  year = {2011},
  doi = {10.1111/j.1467-8624.2011.01663.x}
}

@article{masten2001,
  author = {Masten, Ann S.},
  title = {Ordinary magic: Resilience processes in development},
  journal = {American Psychologist},
  volume = {56},
  number = {3},
  pages = {227--238},
  year = {2001},
  doi = {10.1037/0003-066X.56.3.227}
}

@book{hrdy2009,
  author = {Hrdy, Sarah Blaffer},
  title = {Mothers and others: The evolutionary origins of mutual understanding},
  year = {2009},
  publisher = {Belknap Press of Harvard University Press}
}
